%% This BibTeX bibliography file was created using BibDesk.
%% http://bibdesk.sourceforge.net/


%% Created for Douglas Camata at 2014-10-13 22:52:54 -0300 


%% Saved with string encoding Unicode (UTF-8) 



@url{l2-l3-vlan,
	Author = {Thayumanavan Sridhar},
	Date-Added = {2014-10-14 00:13:37 +0000},
	Date-Modified = {2014-10-14 01:51:58 +0000},
	Journal = {The Internet Protocol Journal},
	Keywords = {networks},
	Lastchecked = {13 de outubro de 2014},
	Title = {Layer 2 and Layer 3 Switch Evolution},
	Url = {http://www.cisco.com/web/about/ac123/ac147/archived_issues/ipj_1-2/switch_evolution.html},
	Volume = {1},
	Year = {1998},
	Bdsk-Url-1 = {http://www.cisco.com/web/about/ac123/ac147/archived_issues/ipj_1-2/switch_evolution.html}}

@techreport{impact-cloud-computing,
	Author = {Mark Ridley and Jonathan Liebenau and James Mitchell and Paul Miller and Tua Huomo and Ian Bitterlin},
	Date-Added = {2014-08-26 01:10:16 +0000},
	Date-Modified = {2014-08-26 01:57:55 +0000},
	Institution = {Economist Intelligence Unit},
	Keywords = {cloud},
	Title = {The impact of cloud},
	Year = {2014},
	Bdsk-File-1 = {YnBsaXN0MDDUAQIDBAUGJCVYJHZlcnNpb25YJG9iamVjdHNZJGFyY2hpdmVyVCR0b3ASAAGGoKgHCBMUFRYaIVUkbnVsbNMJCgsMDxJXTlMua2V5c1pOUy5vYmplY3RzViRjbGFzc6INDoACgAOiEBGABIAFgAdccmVsYXRpdmVQYXRoWWFsaWFzRGF0YV8QMC4uL21hdGVyaWFsL3NlbGVjaW9uYWRvcy9UaGUgaW1wYWN0IG9mIGNsb3VkLnBkZtIXCxgZV05TLmRhdGFPEQH8AAAAAAH8AAIAAARPUyBYAAAAAAAAAAAAAAAAAAAAAAAAAAAAAADQXKqgSCsAAAAGjX8XVGhlIGltcGFjdCBvZiBjbG91ZC5wZGYAAAAAAAAAAAAAAAAAAAAAAAAAAAAAAAAAAAAAAAAAAAAAAAAAAAAAAAaQ+NAO3nYAAAAAAAAAAAABAAMAAAkgAAAAAAAAAAAAAAAAAAAADHNlbGVjaW9uYWRvcwAQAAgAANBc1NAAAAARAAgAANAPCKYAAAABABwABo1/AAaHmAAGh1gABoLwAAaAwwAGKz8AAmbAAAIAaE9TIFg6VXNlcnM6AGRvdWdsYXNjYW1hdGE6AEdvb2dsZSBEcml2ZToARmFjdWxkYWRlOgB0Y2M6AG1hdGVyaWFsOgBzZWxlY2lvbmFkb3M6AFRoZSBpbXBhY3Qgb2YgY2xvdWQucGRmAA4AMAAXAFQAaABlACAAaQBtAHAAYQBjAHQAIABvAGYAIABjAGwAbwB1AGQALgBwAGQAZgAPAAoABABPAFMAIABYABIAXFVzZXJzL2RvdWdsYXNjYW1hdGEvR29vZ2xlIERyaXZlL0ZhY3VsZGFkZS90Y2MvbWF0ZXJpYWwvc2VsZWNpb25hZG9zL1RoZSBpbXBhY3Qgb2YgY2xvdWQucGRmABMAAS8AABUAAgAU//8AAIAG0hscHR5aJGNsYXNzbmFtZVgkY2xhc3Nlc11OU011dGFibGVEYXRhox0fIFZOU0RhdGFYTlNPYmplY3TSGxwiI1xOU0RpY3Rpb25hcnmiIiBfEA9OU0tleWVkQXJjaGl2ZXLRJidUcm9vdIABAAgAEQAaACMALQAyADcAQABGAE0AVQBgAGcAagBsAG4AcQBzAHUAdwCEAI4AwQDGAM4CzgLQAtUC4ALpAvcC+wMCAwsDEAMdAyADMgM1AzoAAAAAAAACAQAAAAAAAAAoAAAAAAAAAAAAAAAAAAADPA==}}

@techreport{nasa-cloud-computing,
	Author = {Lisa Rademakers and Daniel Coleman and Samson Reiny},
	Date-Added = {2014-08-24 19:33:07 +0000},
	Date-Modified = {2014-08-24 19:42:31 +0000},
	Institution = {NASA},
	Keywords = {cloud},
	Title = {Web Solutions Inspire Cloud Computing Software},
	Year = {2012},
	Bdsk-File-1 = {YnBsaXN0MDDUAQIDBAUGJCVYJHZlcnNpb25YJG9iamVjdHNZJGFyY2hpdmVyVCR0b3ASAAGGoKgHCBMUFRYaIVUkbnVsbNMJCgsMDxJXTlMua2V5c1pOUy5vYmplY3RzViRjbGFzc6INDoACgAOiEBGABIAFgAdccmVsYXRpdmVQYXRoWWFsaWFzRGF0YV8QUi4uL21hdGVyaWFsL3NlbGVjaW9uYWRvcy9OQVNBIC0gV2ViIFNvbHV0aW9ucyBJbnNwaXJlIENsb3VkIENvbXB1dGluZyBTb2Z0d2FyZS5wZGbSFwsYGVdOUy5kYXRhTxECagAAAAACagACAAAET1MgWAAAAAAAAAAAAAAAAAAAAAAAAAAAAAAA0FyqoEgrAAAABo1/H05BU0EgLSBXZWIgU29sdXRpb25zICM2OTBDQy5wZGYAAAAAAAAAAAAAAAAAAAAAAAAAAAAAAAAAAAAAAAAAAAAGkMzQH981AAAAAAAAAAAAAQADAAAJIAAAAAAAAAAAAAAAAAAAAAxzZWxlY2lvbmFkb3MAEAAIAADQXNTQAAAAEQAIAADQIAllAAAAAQAcAAaNfwAGh5gABodYAAaC8AAGgMMABis/AAJmwAACAHBPUyBYOlVzZXJzOgBkb3VnbGFzY2FtYXRhOgBHb29nbGUgRHJpdmU6AEZhY3VsZGFkZToAdGNjOgBtYXRlcmlhbDoAc2VsZWNpb25hZG9zOgBOQVNBIC0gV2ViIFNvbHV0aW9ucyAjNjkwQ0MucGRmAA4AdAA5AE4AQQBTAEEAIAAtACAAVwBlAGIAIABTAG8AbAB1AHQAaQBvAG4AcwAgAEkAbgBzAHAAaQByAGUAIABDAGwAbwB1AGQAIABDAG8AbQBwAHUAdABpAG4AZwAgAFMAbwBmAHQAdwBhAHIAZQAuAHAAZABmAA8ACgAEAE8AUwAgAFgAEgB+VXNlcnMvZG91Z2xhc2NhbWF0YS9Hb29nbGUgRHJpdmUvRmFjdWxkYWRlL3RjYy9tYXRlcmlhbC9zZWxlY2lvbmFkb3MvTkFTQSAtIFdlYiBTb2x1dGlvbnMgSW5zcGlyZSBDbG91ZCBDb21wdXRpbmcgU29mdHdhcmUucGRmABMAAS8AABUAAgAU//8AAIAG0hscHR5aJGNsYXNzbmFtZVgkY2xhc3Nlc11OU011dGFibGVEYXRhox0fIFZOU0RhdGFYTlNPYmplY3TSGxwiI1xOU0RpY3Rpb25hcnmiIiBfEA9OU0tleWVkQXJjaGl2ZXLRJidUcm9vdIABAAgAEQAaACMALQAyADcAQABGAE0AVQBgAGcAagBsAG4AcQBzAHUAdwCEAI4A4wDoAPADXgNgA2UDcAN5A4cDiwOSA5sDoAOtA7ADwgPFA8oAAAAAAAACAQAAAAAAAAAoAAAAAAAAAAAAAAAAAAADzA==}}

@techreport{ibm-cloud-computing,
	Author = {Michael Sylvia and Brian Peterson and Steven Uniack},
	Date-Added = {2014-08-21 00:27:07 +0000},
	Date-Modified = {2014-08-21 00:47:24 +0000},
	Institution = {IBM},
	Keywords = {cloud},
	Month = {julho},
	Title = {Success in the cloud: why workload matters},
	Year = {2013},
	Bdsk-File-1 = {YnBsaXN0MDDUAQIDBAUGJCVYJHZlcnNpb25YJG9iamVjdHNZJGFyY2hpdmVyVCR0b3ASAAGGoKgHCBMUFRYaIVUkbnVsbNMJCgsMDxJXTlMua2V5c1pOUy5vYmplY3RzViRjbGFzc6INDoACgAOiEBGABIAFgAdccmVsYXRpdmVQYXRoWWFsaWFzRGF0YV8QTi4uL21hdGVyaWFsL3NlbGVjaW9uYWRvcy9JQk0gLSBTdWNjZXNzIGluIHRoZSBjbG91ZC0gIFdoeSB3b3JrbG9hZCBtYXR0ZXJzLlBERtIXCxgZV05TLmRhdGFPEQJeAAAAAAJeAAIAAARPUyBYAAAAAAAAAAAAAAAAAAAAAAAAAAAAAADQXKqgSCsAAAAGjX8fSUJNIC0gU3VjY2VzcyBpbiB0aGUgIzY5MDk1LlBERgAAAAAAAAAAAAAAAAAAAAAAAAAAAAAAAAAAAAAAAAAAAAaQldAO2k4AAAAAAAAAAAABAAMAAAkgAAAAAAAAAAAAAAAAAAAADHNlbGVjaW9uYWRvcwAQAAgAANBc1NAAAAARAAgAANAPBH4AAAABABwABo1/AAaHmAAGh1gABoLwAAaAwwAGKz8AAmbAAAIAcE9TIFg6VXNlcnM6AGRvdWdsYXNjYW1hdGE6AEdvb2dsZSBEcml2ZToARmFjdWxkYWRlOgB0Y2M6AG1hdGVyaWFsOgBzZWxlY2lvbmFkb3M6AElCTSAtIFN1Y2Nlc3MgaW4gdGhlICM2OTA5NS5QREYADgBsADUASQBCAE0AIAAtACAAUwB1AGMAYwBlAHMAcwAgAGkAbgAgAHQAaABlACAAYwBsAG8AdQBkAC0AIAAgAFcAaAB5ACAAdwBvAHIAawBsAG8AYQBkACAAbQBhAHQAdABlAHIAcwAuAFAARABGAA8ACgAEAE8AUwAgAFgAEgB6VXNlcnMvZG91Z2xhc2NhbWF0YS9Hb29nbGUgRHJpdmUvRmFjdWxkYWRlL3RjYy9tYXRlcmlhbC9zZWxlY2lvbmFkb3MvSUJNIC0gU3VjY2VzcyBpbiB0aGUgY2xvdWQtICBXaHkgd29ya2xvYWQgbWF0dGVycy5QREYAEwABLwAAFQACABT//wAAgAbSGxwdHlokY2xhc3NuYW1lWCRjbGFzc2VzXU5TTXV0YWJsZURhdGGjHR8gVk5TRGF0YVhOU09iamVjdNIbHCIjXE5TRGljdGlvbmFyeaIiIF8QD05TS2V5ZWRBcmNoaXZlctEmJ1Ryb290gAEACAARABoAIwAtADIANwBAAEYATQBVAGAAZwBqAGwAbgBxAHMAdQB3AIQAjgDfAOQA7ANOA1ADVQNgA2kDdwN7A4IDiwOQA50DoAOyA7UDugAAAAAAAAIBAAAAAAAAACgAAAAAAAAAAAAAAAAAAAO8}}

@techreport{nist-cloud-computing,
	Author = {Peter Mell and Timothy Grance},
	Date-Added = {2014-08-16 19:59:09 +0000},
	Date-Modified = {2014-08-16 20:02:40 +0000},
	Institution = {National Institute of Standards and Technology},
	Keywords = {cloud},
	Title = {The NIST Defnition of Cloud Computing},
	Year = {2011},
	Bdsk-File-1 = {YnBsaXN0MDDUAQIDBAUGJCVYJHZlcnNpb25YJG9iamVjdHNZJGFyY2hpdmVyVCR0b3ASAAGGoKgHCBMUFRYaIVUkbnVsbNMJCgsMDxJXTlMua2V5c1pOUy5vYmplY3RzViRjbGFzc6INDoACgAOiEBGABIAFgAdccmVsYXRpdmVQYXRoWWFsaWFzRGF0YV8QIS4uL21hdGVyaWFsL3NlbGVjaW9uYWRvcy9uaXN0LnBkZtIXCxgZV05TLmRhdGFPEQHCAAAAAAHCAAIAAARPUyBYAAAAAAAAAAAAAAAAAAAAAAAAAAAAAADQXKqgSCsAAAAGjX8IbmlzdC5wZGYAAAAAAAAAAAAAAAAAAAAAAAAAAAAAAAAAAAAAAAAAAAAAAAAAAAAAAAAAAAAAAAAAAAAAAAAAAAaPwdAVOgsAAAAAAAAAAAABAAMAAAkgAAAAAAAAAAAAAAAAAAAADHNlbGVjaW9uYWRvcwAQAAgAANBc1NAAAAARAAgAANAVZDsAAAABABwABo1/AAaHmAAGh1gABoLwAAaAwwAGKz8AAmbAAAIAWU9TIFg6VXNlcnM6AGRvdWdsYXNjYW1hdGE6AEdvb2dsZSBEcml2ZToARmFjdWxkYWRlOgB0Y2M6AG1hdGVyaWFsOgBzZWxlY2lvbmFkb3M6AG5pc3QucGRmAAAOABIACABuAGkAcwB0AC4AcABkAGYADwAKAAQATwBTACAAWAASAE1Vc2Vycy9kb3VnbGFzY2FtYXRhL0dvb2dsZSBEcml2ZS9GYWN1bGRhZGUvdGNjL21hdGVyaWFsL3NlbGVjaW9uYWRvcy9uaXN0LnBkZgAAEwABLwAAFQACABT//wAAgAbSGxwdHlokY2xhc3NuYW1lWCRjbGFzc2VzXU5TTXV0YWJsZURhdGGjHR8gVk5TRGF0YVhOU09iamVjdNIbHCIjXE5TRGljdGlvbmFyeaIiIF8QD05TS2V5ZWRBcmNoaXZlctEmJ1Ryb290gAEACAARABoAIwAtADIANwBAAEYATQBVAGAAZwBqAGwAbgBxAHMAdQB3AIQAjgCyALcAvwKFAocCjAKXAqACrgKyArkCwgLHAtQC1wLpAuwC8QAAAAAAAAIBAAAAAAAAACgAAAAAAAAAAAAAAAAAAALz}}

@techreport{federal-cloud-computing,
	Author = {Vivek Kundra},
	Date-Added = {2014-08-12 01:11:52 +0000},
	Date-Modified = {2014-08-12 01:15:07 +0000},
	Institution = {The White House},
	Keywords = {cloud},
	Title = {Federal Cloud Computing Strategy},
	Year = {2011},
	Bdsk-File-1 = {YnBsaXN0MDDUAQIDBAUGJCVYJHZlcnNpb25YJG9iamVjdHNZJGFyY2hpdmVyVCR0b3ASAAGGoKgHCBMUFRYaIVUkbnVsbNMJCgsMDxJXTlMua2V5c1pOUy5vYmplY3RzViRjbGFzc6INDoACgAOiEBGABIAFgAdccmVsYXRpdmVQYXRoWWFsaWFzRGF0YV8QPS4uL21hdGVyaWFsL3NlbGVjaW9uYWRvcy9GZWRlcmFsLUNsb3VkLUNvbXB1dGluZy1TdHJhdGVneS5wZGbSFwsYGVdOUy5kYXRhTxECLAAAAAACLAACAAAET1MgWAAAAAAAAAAAAAAAAAAAAAAAAAAAAAAA0FyqoEgrAAAABo1/H0ZlZGVyYWwtQ2xvdWQtQ29tcHV0aSM2OEZFMS5wZGYAAAAAAAAAAAAAAAAAAAAAAAAAAAAAAAAAAAAAAAAAAAAGj+HQDuRIAAAAAAAAAAAAAQADAAAJIAAAAAAAAAAAAAAAAAAAAAxzZWxlY2lvbmFkb3MAEAAIAADQXNTQAAAAEQAIAADQDw54AAAAAQAcAAaNfwAGh5gABodYAAaC8AAGgMMABis/AAJmwAACAHBPUyBYOlVzZXJzOgBkb3VnbGFzY2FtYXRhOgBHb29nbGUgRHJpdmU6AEZhY3VsZGFkZToAdGNjOgBtYXRlcmlhbDoAc2VsZWNpb25hZG9zOgBGZWRlcmFsLUNsb3VkLUNvbXB1dGkjNjhGRTEucGRmAA4ASgAkAEYAZQBkAGUAcgBhAGwALQBDAGwAbwB1AGQALQBDAG8AbQBwAHUAdABpAG4AZwAtAFMAdAByAGEAdABlAGcAeQAuAHAAZABmAA8ACgAEAE8AUwAgAFgAEgBpVXNlcnMvZG91Z2xhc2NhbWF0YS9Hb29nbGUgRHJpdmUvRmFjdWxkYWRlL3RjYy9tYXRlcmlhbC9zZWxlY2lvbmFkb3MvRmVkZXJhbC1DbG91ZC1Db21wdXRpbmctU3RyYXRlZ3kucGRmAAATAAEvAAAVAAIAFP//AACABtIbHB0eWiRjbGFzc25hbWVYJGNsYXNzZXNdTlNNdXRhYmxlRGF0YaMdHyBWTlNEYXRhWE5TT2JqZWN00hscIiNcTlNEaWN0aW9uYXJ5oiIgXxAPTlNLZXllZEFyY2hpdmVy0SYnVHJvb3SAAQAIABEAGgAjAC0AMgA3AEAARgBNAFUAYABnAGoAbABuAHEAcwB1AHcAhACOAM4A0wDbAwsDDQMSAx0DJgM0AzgDPwNIA00DWgNdA28DcgN3AAAAAAAAAgEAAAAAAAAAKAAAAAAAAAAAAAAAAAAAA3k=}}

@url{rackspace-nasa-openstack,
	Author = {Larry Dignan},
	Date-Added = {2014-07-09 02:24:02 +0000},
	Date-Modified = {2014-07-09 02:43:56 +0000},
	Keywords = {openstack},
	Lastchecked = {8 de julho de 2014},
	Month = {julho},
	Title = {Rackspace, NASA launch OpenStack: Can it prevent cloud lock-in?},
	Url = {http://www.zdnet.com/blog/btl/rackspace-nasa-launch-openstack-can-it-prevent-cloud-lock-in/36850},
	Year = {2014},
	Bdsk-Url-1 = {http://www.zdnet.com/blog/btl/rackspace-nasa-launch-openstack-can-it-prevent-cloud-lock-in/36850}}

@url{cern-openstack,
	Author = {Andrew Purcell},
	Date-Added = {2014-07-09 02:22:44 +0000},
	Date-Modified = {2014-07-09 02:43:26 +0000},
	Keywords = {openstack},
	Lastchecked = {8 de julho de 2014},
	Month = {julho},
	Title = {Tim Bell on the importance of OpenStack for CERN},
	Url = {http://www.isgtw.org/feature/tim-bell-importance-openstack-cern},
	Year = {2014},
	Bdsk-Url-1 = {http://www.isgtw.org/feature/tim-bell-importance-openstack-cern}}

@webpage{site-cloud-education,
	Author = {Armando Fox},
	Date-Added = {2014-01-29 02:47:04 +0000},
	Date-Modified = {2014-01-29 02:48:38 +0000},
	Keywords = {cloud},
	Lastchecked = {29 de janeiro de 2014},
	Month = {mar{\c c}o},
	Title = {Cloud computing in education},
	Url = {https://inews.berkeley.edu/articles/Spring2009/cloud-computing},
	Urldate = {17 de mar{\c c}o de 2009},
	Year = {2009},
	Bdsk-Url-1 = {https://inews.berkeley.edu/articles/Spring2009/cloud-computing}}

@article{web-services-distributed,
	Author = {A. S. Chaudhary and M. A. Saleem and H. Z. Bukhari},
	Date-Added = {2014-01-27 04:49:37 +0000},
	Date-Modified = {2014-01-27 04:52:36 +0000},
	Journal = {IEE conference at Ghulam Ishaq Khan Institute of Engineering Sciences and Technology},
	Keywords = {web services},
	Title = {Web Services in Distributed Applications Advantages and Problems},
	Year = {2002}}

@article{web-services-ontology,
	Author = {Dumitru Romana and Uwe Kellera nad Holger Lausena and Jos de Bruijna and Rube ́n Laraa and Michael Stollberga and Axel Polleresa and Cristina Feiera and Cristoph Busslerb and Dieter Fensela},
	Date-Added = {2014-01-27 04:14:17 +0000},
	Date-Modified = {2014-01-27 04:16:33 +0000},
	Journal = {IOS Press},
	Keywords = {web services},
	Pages = {77-106},
	Title = {Web Service Modeling Ontology},
	Year = {2005}}

@book{book-web-services,
	Author = {G Alonso and F Casati and H Kuno and V Machiraju},
	Date-Added = {2014-01-27 04:11:44 +0000},
	Date-Modified = {2014-01-27 04:13:57 +0000},
	Keywords = {web services},
	Publisher = {Springer},
	Title = {Web services},
	Year = {2004}}

@techreport{utility-computing-models,
	Author = {Artur Andrzejak and Martin Arlitt and Jerry Rolia},
	Date-Added = {2014-01-23 15:57:11 +0000},
	Date-Modified = {2014-01-23 15:59:28 +0000},
	Institution = {HP Laboratories Palo Alto},
	Keywords = {utility computing},
	Title = {Bounding the Resource Savings of Utility Computing Models},
	Year = {2002}}

@article{utility-market,
	Author = {James Broberg and Srikumar Venugopal and Rajkumar Buyya},
	Date-Added = {2014-01-23 14:45:10 +0000},
	Date-Modified = {2014-01-23 14:48:25 +0000},
	Journal = {Journal of Grid Computing},
	Keywords = {utility computing},
	Number = {3},
	Pages = {255-276},
	Title = {Market-oriented Grids and Utility Computing: The State-of-the-art and Future Directions},
	Volume = {6},
	Year = {2007}}

@book{foster1999grid,
	Author = {Foster, I. and Kesselman, C.},
	Date-Modified = {2014-01-23 04:39:38 +0000},
	Isbn = {9781558604759},
	Keywords = {grid computing},
	Lccn = {98030570},
	Publisher = {Morgan Kaufmann Publishers},
	Series = {Advanced computing. Computer systems design},
	Title = {The grid: blueprint for a new computing infrastructure},
	Url = {http://books.google.com.br/books?id=ONRQAAAAMAAJ},
	Year = {1999},
	Bdsk-Url-1 = {http://books.google.com.br/books?id=ONRQAAAAMAAJ}}

@article{grid-checklist,
	Author = {Ian Foster},
	Date-Added = {2014-01-23 04:33:50 +0000},
	Date-Modified = {2014-10-14 01:52:54 +0000},
	Journal = {GRIDtoday},
	Keywords = {grid computing},
	Number = {6},
	Title = {What is the Grid? A Three Point Checklist},
	Volume = {6},
	Year = {2002}}

@article{grid-virtual-machines,
	Author = {Renato J. Figueiredo and Peter A. Dinda and Jos{\'e} A. B. Fortes},
	Date-Added = {2014-01-23 02:57:14 +0000},
	Date-Modified = {2014-01-23 03:52:26 +0000},
	Journal = {23rd International Conference on Distributed Computing Systems},
	Keywords = {grid computing},
	Title = {A Case For Grid Computing On Virtual Machines},
	Year = {2003},
	Bdsk-File-1 = {YnBsaXN0MDDUAQIDBAUGJCVYJHZlcnNpb25YJG9iamVjdHNZJGFyY2hpdmVyVCR0b3ASAAGGoKgHCBMUFRYaIVUkbnVsbNMJCgsMDxJXTlMua2V5c1pOUy5vYmplY3RzViRjbGFzc6INDoACgAOiEBGABIAFgAdccmVsYXRpdmVQYXRoWWFsaWFzRGF0YV8QTC4uL21hdGVyaWFsL2dyaWQgY29tcHV0aW5nL0EgQ2FzZSBGb3IgR3JpZCBDb21wdXRpbmcgT24gVmlydHVhbCBNYWNoaW5lcy5wZGbSFwsYGVdOUy5kYXRhTxECWAAAAAACWAACAAAET1MgWAAAAAAAAAAAAAAAAAAAAAAAAAAAAAAA0FyqoEgrAAAABo6MH0EgQ2FzZSBGb3IgR3JpZCBDb21wdSM2OTAwMy5wZGYAAAAAAAAAAAAAAAAAAAAAAAAAAAAAAAAAAAAAAAAAAAAGkAPPBdqYAAAAAAAAAAAAAQADAAAJIAAAAAAAAAAAAAAAAAAAAA5ncmlkIGNvbXB1dGluZwAQAAgAANBc1NAAAAARAAgAAM8F9rgAAAABABwABo6MAAaHmAAGh1gABoLwAAaAwwAGKz8AAmbAAAIAck9TIFg6VXNlcnM6AGRvdWdsYXNjYW1hdGE6AEdvb2dsZSBEcml2ZToARmFjdWxkYWRlOgB0Y2M6AG1hdGVyaWFsOgBncmlkIGNvbXB1dGluZzoAQSBDYXNlIEZvciBHcmlkIENvbXB1IzY5MDAzLnBkZgAOAGQAMQBBACAAQwBhAHMAZQAgAEYAbwByACAARwByAGkAZAAgAEMAbwBtAHAAdQB0AGkAbgBnACAATwBuACAAVgBpAHIAdAB1AGEAbAAgAE0AYQBjAGgAaQBuAGUAcwAuAHAAZABmAA8ACgAEAE8AUwAgAFgAEgB4VXNlcnMvZG91Z2xhc2NhbWF0YS9Hb29nbGUgRHJpdmUvRmFjdWxkYWRlL3RjYy9tYXRlcmlhbC9ncmlkIGNvbXB1dGluZy9BIENhc2UgRm9yIEdyaWQgQ29tcHV0aW5nIE9uIFZpcnR1YWwgTWFjaGluZXMucGRmABMAAS8AABUAAgAU//8AAIAG0hscHR5aJGNsYXNzbmFtZVgkY2xhc3Nlc11OU011dGFibGVEYXRhox0fIFZOU0RhdGFYTlNPYmplY3TSGxwiI1xOU0RpY3Rpb25hcnmiIiBfEA9OU0tleWVkQXJjaGl2ZXLRJidUcm9vdIABAAgAEQAaACMALQAyADcAQABGAE0AVQBgAGcAagBsAG4AcQBzAHUAdwCEAI4A3QDiAOoDRgNIA00DWANhA28DcwN6A4MDiAOVA5gDqgOtA7IAAAAAAAACAQAAAAAAAAAoAAAAAAAAAAAAAAAAAAADtA==}}

@article{grid-cloud-compared,
	Author = {Ian Foster and Yong Zhao and Ioan Raicu and Shiyong Lu},
	Date-Added = {2014-01-23 02:54:29 +0000},
	Date-Modified = {2014-01-23 02:56:46 +0000},
	Journal = {Grid Computing Environments Workshop},
	Keywords = {grid computing},
	Title = {Cloud Computing and Grid Computing 360-Degree Compared},
	Year = {2008},
	Bdsk-File-1 = {YnBsaXN0MDDUAQIDBAUGJCVYJHZlcnNpb25YJG9iamVjdHNZJGFyY2hpdmVyVCR0b3ASAAGGoKgHCBMUFRYaIVUkbnVsbNMJCgsMDxJXTlMua2V5c1pOUy5vYmplY3RzViRjbGFzc6INDoACgAOiEBGABIAFgAdccmVsYXRpdmVQYXRoWWFsaWFzRGF0YV8QVS4uL21hdGVyaWFsL2dyaWQgY29tcHV0aW5nL0Nsb3VkIENvbXB1dGluZyBhbmQgR3JpZCBDb21wdXRpbmcgMzYwLURlZ3JlZSBDb21wYXJlZC5wZGbSFwsYGVdOUy5kYXRhTxECdAAAAAACdAACAAAET1MgWAAAAAAAAAAAAAAAAAAAAAAAAAAAAAAA0FyqoEgrAAAABo6MH0Nsb3VkIENvbXB1dGluZyBhbmQgRyM2OTE5Qy5wZGYAAAAAAAAAAAAAAAAAAAAAAAAAAAAAAAAAAAAAAAAAAAAGkZzPBi/aAAAAAAAAAAAAAQADAAAJIAAAAAAAAAAAAAAAAAAAAA5ncmlkIGNvbXB1dGluZwAQAAgAANBc1NAAAAARAAgAAM8GS/oAAAABABwABo6MAAaHmAAGh1gABoLwAAaAwwAGKz8AAmbAAAIAck9TIFg6VXNlcnM6AGRvdWdsYXNjYW1hdGE6AEdvb2dsZSBEcml2ZToARmFjdWxkYWRlOgB0Y2M6AG1hdGVyaWFsOgBncmlkIGNvbXB1dGluZzoAQ2xvdWQgQ29tcHV0aW5nIGFuZCBHIzY5MTlDLnBkZgAOAHYAOgBDAGwAbwB1AGQAIABDAG8AbQBwAHUAdABpAG4AZwAgAGEAbgBkACAARwByAGkAZAAgAEMAbwBtAHAAdQB0AGkAbgBnACAAMwA2ADAALQBEAGUAZwByAGUAZQAgAEMAbwBtAHAAYQByAGUAZAAuAHAAZABmAA8ACgAEAE8AUwAgAFgAEgCBVXNlcnMvZG91Z2xhc2NhbWF0YS9Hb29nbGUgRHJpdmUvRmFjdWxkYWRlL3RjYy9tYXRlcmlhbC9ncmlkIGNvbXB1dGluZy9DbG91ZCBDb21wdXRpbmcgYW5kIEdyaWQgQ29tcHV0aW5nIDM2MC1EZWdyZWUgQ29tcGFyZWQucGRmAAATAAEvAAAVAAIAFP//AACABtIbHB0eWiRjbGFzc25hbWVYJGNsYXNzZXNdTlNNdXRhYmxlRGF0YaMdHyBWTlNEYXRhWE5TT2JqZWN00hscIiNcTlNEaWN0aW9uYXJ5oiIgXxAPTlNLZXllZEFyY2hpdmVy0SYnVHJvb3SAAQAIABEAGgAjAC0AMgA3AEAARgBNAFUAYABnAGoAbABuAHEAcwB1AHcAhACOAOYA6wDzA2sDbQNyA30DhgOUA5gDnwOoA60DugO9A88D0gPXAAAAAAAAAgEAAAAAAAAAKAAAAAAAAAAAAAAAAAAAA9k=}}

@article{virt-teoria-solucoes,
	Author = {Alexandre Carissimi},
	Date-Added = {2014-01-22 04:14:09 +0000},
	Date-Modified = {2014-01-22 05:02:21 +0000},
	Journal = {26º Simp{\'o}sio Brasileiro de Redes de Computadores e Sistemas Distribu{\'\i}dos},
	Keywords = {virtualizacao},
	School = {Universidade Federal do Rio Grande do Sul},
	Title = {Virtualiza{\c c}{\~a}o: da teoria a solu{\c c}{\~o}es},
	Year = {2008}}

@article{virt-con-aplica,
	Author = {Marcos Aurelio Pchek Laureano and Carlos Alberto Maziero},
	Date-Added = {2014-01-22 04:11:14 +0000},
	Date-Modified = {2014-01-22 05:04:41 +0000},
	Journal = {Oitavo Simp{\'o}sio Brasileiro de Seguran{\c c}a da Informa{\c c}{\~a}o e Sistemas Computacionais},
	Keywords = {virtualizacao},
	School = {Pontif{\'\i}cia Universidade Cat{\'o}lica do Paran{\'a} and Centro Universit{\'a}rio Franciscano},
	Title = {Virtualiza{\c c}{\~a}o: Conceitos e Aplica{\c c}{\~o}es em Seguran{\c c}a},
	Year = {2008}}

@article{article-cloud-benefits,
	Acmid = {1735232},
	Address = {New York, NY, USA},
	Author = {Greengard, Samuel},
	Date-Modified = {2014-01-22 04:10:45 +0000},
	Doi = {10.1145/1735223.1735232},
	Issn = {0001-0782},
	Issue_Date = {May 2010},
	Journal = {Commun. ACM},
	Keywords = {cloud},
	Month = may,
	Number = {5},
	Numpages = {3},
	Pages = {18--20},
	Publisher = {ACM},
	Title = {Cloud Computing and Developing Nations},
	Url = {http://doi.acm.org/10.1145/1735223.1735232},
	Volume = {53},
	Year = {2010},
	Bdsk-Url-1 = {http://doi.acm.org/10.1145/1735223.1735232},
	Bdsk-Url-2 = {http://dx.doi.org/10.1145/1735223.1735232}}

@article{article-cloud-cost-reduction,
	Acmid = {1721672},
	Address = {New York, NY, USA},
	Author = {Armbrust, Michael and Fox, Armando and Griffith, Rean and Joseph, Anthony D. and Katz, Randy and Konwinski, Andy and Lee, Gunho and Patterson, David and Rabkin, Ariel and Stoica, Ion and Zaharia, Matei},
	Date-Modified = {2014-01-22 04:10:31 +0000},
	Doi = {10.1145/1721654.1721672},
	Issn = {0001-0782},
	Issue_Date = {April 2010},
	Journal = {Commun. ACM},
	Keywords = {cloud},
	Month = apr,
	Number = {4},
	Numpages = {9},
	Pages = {50--58},
	Publisher = {ACM},
	Title = {A View of Cloud Computing},
	Url = {http://doi.acm.org/10.1145/1721654.1721672},
	Volume = {53},
	Year = {2010},
	Bdsk-Url-1 = {http://doi.acm.org/10.1145/1721654.1721672},
	Bdsk-Url-2 = {http://dx.doi.org/10.1145/1721654.1721672}}

@article{article-sharing-importance,
	Author = {W. Bo and X. HongYu},
	Date-Added = {2013-12-14 00:15:57 +0000},
	Date-Modified = {2014-01-22 04:10:54 +0000},
	Journal = {Computer Science and Service System (CSSS), International Conference},
	Keywords = {cloud},
	Pages = {2673-2676},
	Title = {The application of cloud computing in education informatization},
	Year = {2011}}

@article{article-openstack-opennebula,
	Author = {Xiaolong Wen and Genqiang Gu and Qingchun Li and Yun Gao and Xuejie Zhang},
	Date-Added = {2013-12-13 22:00:28 +0000},
	Date-Modified = {2014-01-22 04:10:57 +0000},
	Journal = {9th International Conference on Fuzzy Systems and Knowledge Discovery},
	Keywords = {cloud},
	Pages = {2457-2461},
	Title = {Comparison of Open-Source Cloud Management Platforms: OpenStack and OpenNebula},
	Year = {2012},
	Bdsk-File-1 = {YnBsaXN0MDDUAQIDBAUGJCVYJHZlcnNpb25YJG9iamVjdHNZJGFyY2hpdmVyVCR0b3ASAAGGoKgHCBMUFRYaIVUkbnVsbNMJCgsMDxJXTlMua2V5c1pOUy5vYmplY3RzViRjbGFzc6INDoACgAOiEBGABIAFgAdccmVsYXRpdmVQYXRoWWFsaWFzRGF0YV8QuS4uL21hdGVyaWFsL3Jlc3VtaWRvL0NvbXBhcmlzb24gb2YgT3Blbi1Tb3VyY2UgQ2xvdWQgTWFuYWdlbWVudCBQbGF0Zm9ybXMtIE9wZW5TdGFjayBhbmQgT3Blbk5lYnVsYS9Db21wYXJpc29uIG9mIE9wZW4tU291cmNlIENsb3VkIE1hbmFnZW1lbnQgUGxhdGZvcm1zLSBPcGVuU3RhY2sgYW5kICBPcGVuTmVidWxhICAucGRm0hcLGBlXTlMuZGF0YU8RA0AAAAAAA0AAAgAABE9TIFgAAAAAAAAAAAAAAAAAAAAAAAAAAAAAANBcqqBIKwAAAAaPvh9Db21wYXJpc29uIG9mIE9wZW4tU28jNkMyNkEucGRmAAAAAAAAAAAAAAAAAAAAAAAAAAAAAAAAAAAAAAAAAAAABsJqzmy3mAAAAAAAAAAAAAEABAAACSAAAAAAAAAAAAAAAAAAAAAfQ29tcGFyaXNvbiBvZiBPcGVuLVNvdXJjZSM2OEZCRQAAEAAIAADQXNTQAAAAEQAIAADObOHIAAAAAQAgAAaPvgAGjfIABoeYAAaHWAAGgvAABoDDAAYrPwACZsAAAgCNT1MgWDpVc2VyczoAZG91Z2xhc2NhbWF0YToAR29vZ2xlIERyaXZlOgBGYWN1bGRhZGU6AHRjYzoAbWF0ZXJpYWw6AHJlc3VtaWRvOgBDb21wYXJpc29uIG9mIE9wZW4tU291cmNlIzY4RkJFOgBDb21wYXJpc29uIG9mIE9wZW4tU28jNkMyNkEucGRmAAAOAKwAVQBDAG8AbQBwAGEAcgBpAHMAbwBuACAAbwBmACAATwBwAGUAbgAtAFMAbwB1AHIAYwBlACAAQwBsAG8AdQBkACAATQBhAG4AYQBnAGUAbQBlAG4AdAAgAFAAbABhAHQAZgBvAHIAbQBzAC0AIABPAHAAZQBuAFMAdABhAGMAawAgAGEAbgBkACAAIABPAHAAZQBuAE4AZQBiAHUAbABhACAAIAAuAHAAZABmAA8ACgAEAE8AUwAgAFgAEgDlVXNlcnMvZG91Z2xhc2NhbWF0YS9Hb29nbGUgRHJpdmUvRmFjdWxkYWRlL3RjYy9tYXRlcmlhbC9yZXN1bWlkby9Db21wYXJpc29uIG9mIE9wZW4tU291cmNlIENsb3VkIE1hbmFnZW1lbnQgUGxhdGZvcm1zLSBPcGVuU3RhY2sgYW5kIE9wZW5OZWJ1bGEvQ29tcGFyaXNvbiBvZiBPcGVuLVNvdXJjZSBDbG91ZCBNYW5hZ2VtZW50IFBsYXRmb3Jtcy0gT3BlblN0YWNrIGFuZCAgT3Blbk5lYnVsYSAgLnBkZgAAEwABLwAAFQACABT//wAAgAbSGxwdHlokY2xhc3NuYW1lWCRjbGFzc2VzXU5TTXV0YWJsZURhdGGjHR8gVk5TRGF0YVhOU09iamVjdNIbHCIjXE5TRGljdGlvbmFyeaIiIF8QD05TS2V5ZWRBcmNoaXZlctEmJ1Ryb290gAEACAARABoAIwAtADIANwBAAEYATQBVAGAAZwBqAGwAbgBxAHMAdQB3AIQAjgFKAU8BVwSbBJ0EogStBLYExATIBM8E2ATdBOoE7QT/BQIFBwAAAAAAAAIBAAAAAAAAACgAAAAAAAAAAAAAAAAAAAUJ},
	Bdsk-File-2 = {YnBsaXN0MDDUAQIDBAUGJCVYJHZlcnNpb25YJG9iamVjdHNZJGFyY2hpdmVyVCR0b3ASAAGGoKgHCBMUFRYaIVUkbnVsbNMJCgsMDxJXTlMua2V5c1pOUy5vYmplY3RzViRjbGFzc6INDoACgAOiEBGABIAFgAdccmVsYXRpdmVQYXRoWWFsaWFzRGF0YV8Qti4uL21hdGVyaWFsL3Jlc3VtaWRvL0NvbXBhcmlzb24gb2YgT3Blbi1Tb3VyY2UgQ2xvdWQgTWFuYWdlbWVudCBQbGF0Zm9ybXMtIE9wZW5TdGFjayBhbmQgT3Blbk5lYnVsYS9Db21wYXJpc29uIG9mIE9wZW4tU291cmNlIENsb3VkIE1hbmFnZW1lbnQgUGxhdGZvcm1zLSBPcGVuU3RhY2sgYW5kIE9wZW5OZWJ1bGEub2R00hcLGBlXTlMuZGF0YU8RAzYAAAAAAzYAAgAABE9TIFgAAAAAAAAAAAAAAAAAAAAAAAAAAAAAANBcqqBIKwAAAAaPvh9Db21wYXJpc29uIG9mIE9wZW4tU28jNkMxNDgub2R0AAAAAAAAAAAAAAAAAAAAAAAAAAAAAAAAAAAAAAAAAAAABsFIzm0jQwAAAAAAAAAAAAEABAAACSAAAAAAAAAAAAAAAAAAAAAfQ29tcGFyaXNvbiBvZiBPcGVuLVNvdXJjZSM2OEZCRQAAEAAIAADQXNTQAAAAEQAIAADObU1zAAAAAQAgAAaPvgAGjfIABoeYAAaHWAAGgvAABoDDAAYrPwACZsAAAgCNT1MgWDpVc2VyczoAZG91Z2xhc2NhbWF0YToAR29vZ2xlIERyaXZlOgBGYWN1bGRhZGU6AHRjYzoAbWF0ZXJpYWw6AHJlc3VtaWRvOgBDb21wYXJpc29uIG9mIE9wZW4tU291cmNlIzY4RkJFOgBDb21wYXJpc29uIG9mIE9wZW4tU28jNkMxNDgub2R0AAAOAKYAUgBDAG8AbQBwAGEAcgBpAHMAbwBuACAAbwBmACAATwBwAGUAbgAtAFMAbwB1AHIAYwBlACAAQwBsAG8AdQBkACAATQBhAG4AYQBnAGUAbQBlAG4AdAAgAFAAbABhAHQAZgBvAHIAbQBzAC0AIABPAHAAZQBuAFMAdABhAGMAawAgAGEAbgBkACAATwBwAGUAbgBOAGUAYgB1AGwAYQAuAG8AZAB0AA8ACgAEAE8AUwAgAFgAEgDiVXNlcnMvZG91Z2xhc2NhbWF0YS9Hb29nbGUgRHJpdmUvRmFjdWxkYWRlL3RjYy9tYXRlcmlhbC9yZXN1bWlkby9Db21wYXJpc29uIG9mIE9wZW4tU291cmNlIENsb3VkIE1hbmFnZW1lbnQgUGxhdGZvcm1zLSBPcGVuU3RhY2sgYW5kIE9wZW5OZWJ1bGEvQ29tcGFyaXNvbiBvZiBPcGVuLVNvdXJjZSBDbG91ZCBNYW5hZ2VtZW50IFBsYXRmb3Jtcy0gT3BlblN0YWNrIGFuZCBPcGVuTmVidWxhLm9kdAATAAEvAAAVAAIAFP//AACABtIbHB0eWiRjbGFzc25hbWVYJGNsYXNzZXNdTlNNdXRhYmxlRGF0YaMdHyBWTlNEYXRhWE5TT2JqZWN00hscIiNcTlNEaWN0aW9uYXJ5oiIgXxAPTlNLZXllZEFyY2hpdmVy0SYnVHJvb3SAAQAIABEAGgAjAC0AMgA3AEAARgBNAFUAYABnAGoAbABuAHEAcwB1AHcAhACOAUcBTAFUBI4EkASVBKAEqQS3BLsEwgTLBNAE3QTgBPIE9QT6AAAAAAAAAgEAAAAAAAAAKAAAAAAAAAAAAAAAAAAABPw=}}

@article{article-cloud-cube-models,
	Author = {Jericho Forum},
	Date-Added = {2013-12-13 21:51:51 +0000},
	Date-Modified = {2014-01-22 04:11:00 +0000},
	Journal = {Jericho Forum},
	Keywords = {cloud},
	Title = {Cloud Cube Model: Selecting Cloud Formations for Secure Collaboration},
	Year = {2009},
	Bdsk-File-1 = {YnBsaXN0MDDUAQIDBAUGJCVYJHZlcnNpb25YJG9iamVjdHNZJGFyY2hpdmVyVCR0b3ASAAGGoKgHCBMUFRYaIVUkbnVsbNMJCgsMDxJXTlMua2V5c1pOUy5vYmplY3RzViRjbGFzc6INDoACgAOiEBGABIAFgAdccmVsYXRpdmVQYXRoWWFsaWFzRGF0YV8QgC4uL21hdGVyaWFsL3Jlc3VtaWRvL0Nsb3VkIEN1YmUgTW9kZWwgLSBTZWxlY3RpbmcgQ2xvdWQgRm9ybWF0aW9ucyBmb3IgU2VjdXJlIENvbGxhYm9yYXRpb24vQ2xvdWQgQ3ViZSBNb2RlbCAtIEplcmljaG8gRm9ydW0ub2R00hcLGBlXTlMuZGF0YU8RAqQAAAAAAqQAAgAABE9TIFgAAAAAAAAAAAAAAAAAAAAAAAAAAAAAANBcqqBIKwAAAAaQ/B9DbG91ZCBDdWJlIE1vZGVsIC0gSmUjNkMyNjgub2R0AAAAAAAAAAAAAAAAAAAAAAAAAAAAAAAAAAAAAAAAAAAABsJozrt7QAAAAAAAAAAAAAEABAAACSAAAAAAAAAAAAAAAAAAAAAfQ2xvdWQgQ3ViZSBNb2RlbCAtIFNlbGVjdCM2OTBGQwAAEAAIAADQXNTQAAAAEQAIAADOu5dgAAAAAQAgAAaQ/AAGjfIABoeYAAaHWAAGgvAABoDDAAYrPwACZsAAAgCNT1MgWDpVc2VyczoAZG91Z2xhc2NhbWF0YToAR29vZ2xlIERyaXZlOgBGYWN1bGRhZGU6AHRjYzoAbWF0ZXJpYWw6AHJlc3VtaWRvOgBDbG91ZCBDdWJlIE1vZGVsIC0gU2VsZWN0IzY5MEZDOgBDbG91ZCBDdWJlIE1vZGVsIC0gSmUjNkMyNjgub2R0AAAOAEoAJABDAGwAbwB1AGQAIABDAHUAYgBlACAATQBvAGQAZQBsACAALQAgAEoAZQByAGkAYwBoAG8AIABGAG8AcgB1AG0ALgBvAGQAdAAPAAoABABPAFMAIABYABIArFVzZXJzL2RvdWdsYXNjYW1hdGEvR29vZ2xlIERyaXZlL0ZhY3VsZGFkZS90Y2MvbWF0ZXJpYWwvcmVzdW1pZG8vQ2xvdWQgQ3ViZSBNb2RlbCAtIFNlbGVjdGluZyBDbG91ZCBGb3JtYXRpb25zIGZvciBTZWN1cmUgQ29sbGFib3JhdGlvbi9DbG91ZCBDdWJlIE1vZGVsIC0gSmVyaWNobyBGb3J1bS5vZHQAEwABLwAAFQACABT//wAAgAbSGxwdHlokY2xhc3NuYW1lWCRjbGFzc2VzXU5TTXV0YWJsZURhdGGjHR8gVk5TRGF0YVhOU09iamVjdNIbHCIjXE5TRGljdGlvbmFyeaIiIF8QD05TS2V5ZWRBcmNoaXZlctEmJ1Ryb290gAEACAARABoAIwAtADIANwBAAEYATQBVAGAAZwBqAGwAbgBxAHMAdQB3AIQAjgERARYBHgPGA8gDzQPYA+ED7wPzA/oEAwQIBBUEGAQqBC0EMgAAAAAAAAIBAAAAAAAAACgAAAAAAAAAAAAAAAAAAAQ0},
	Bdsk-File-2 = {YnBsaXN0MDDUAQIDBAUGJCVYJHZlcnNpb25YJG9iamVjdHNZJGFyY2hpdmVyVCR0b3ASAAGGoKgHCBMUFRYaIVUkbnVsbNMJCgsMDxJXTlMua2V5c1pOUy5vYmplY3RzViRjbGFzc6INDoACgAOiEBGABIAFgAdccmVsYXRpdmVQYXRoWWFsaWFzRGF0YV8Qpi4uL21hdGVyaWFsL3Jlc3VtaWRvL0Nsb3VkIEN1YmUgTW9kZWwgLSBTZWxlY3RpbmcgQ2xvdWQgRm9ybWF0aW9ucyBmb3IgU2VjdXJlIENvbGxhYm9yYXRpb24vQ2xvdWQgQ3ViZSBNb2RlbCAtIFNlbGVjdGluZyBDbG91ZCBGb3JtYXRpb25zIGZvciBTZWN1cmUgQ29sbGFib3JhdGlvbi5wZGbSFwsYGVdOUy5kYXRhTxEDFgAAAAADFgACAAAET1MgWAAAAAAAAAAAAAAAAAAAAAAAAAAAAAAA0FyqoEgrAAAABpD8H0Nsb3VkIEN1YmUgTW9kZWwgLSBTZSM2QzA1Ri5wZGYAAAAAAAAAAAAAAAAAAAAAAAAAAAAAAAAAAAAAAAAAAAAGwF/OuE6/AAAAAAAAAAAAAQAEAAAJIAAAAAAAAAAAAAAAAAAAAB9DbG91ZCBDdWJlIE1vZGVsIC0gU2VsZWN0IzY5MEZDAAAQAAgAANBc1NAAAAARAAgAAM64at8AAAABACAABpD8AAaN8gAGh5gABodYAAaC8AAGgMMABis/AAJmwAACAI1PUyBYOlVzZXJzOgBkb3VnbGFzY2FtYXRhOgBHb29nbGUgRHJpdmU6AEZhY3VsZGFkZToAdGNjOgBtYXRlcmlhbDoAcmVzdW1pZG86AENsb3VkIEN1YmUgTW9kZWwgLSBTZWxlY3QjNjkwRkM6AENsb3VkIEN1YmUgTW9kZWwgLSBTZSM2QzA1Ri5wZGYAAA4AlgBKAEMAbABvAHUAZAAgAEMAdQBiAGUAIABNAG8AZABlAGwAIAAtACAAUwBlAGwAZQBjAHQAaQBuAGcAIABDAGwAbwB1AGQAIABGAG8AcgBtAGEAdABpAG8AbgBzACAAZgBvAHIAIABTAGUAYwB1AHIAZQAgAEMAbwBsAGwAYQBiAG8AcgBhAHQAaQBvAG4ALgBwAGQAZgAPAAoABABPAFMAIABYABIA0lVzZXJzL2RvdWdsYXNjYW1hdGEvR29vZ2xlIERyaXZlL0ZhY3VsZGFkZS90Y2MvbWF0ZXJpYWwvcmVzdW1pZG8vQ2xvdWQgQ3ViZSBNb2RlbCAtIFNlbGVjdGluZyBDbG91ZCBGb3JtYXRpb25zIGZvciBTZWN1cmUgQ29sbGFib3JhdGlvbi9DbG91ZCBDdWJlIE1vZGVsIC0gU2VsZWN0aW5nIENsb3VkIEZvcm1hdGlvbnMgZm9yIFNlY3VyZSBDb2xsYWJvcmF0aW9uLnBkZgATAAEvAAAVAAIAFP//AACABtIbHB0eWiRjbGFzc25hbWVYJGNsYXNzZXNdTlNNdXRhYmxlRGF0YaMdHyBWTlNEYXRhWE5TT2JqZWN00hscIiNcTlNEaWN0aW9uYXJ5oiIgXxAPTlNLZXllZEFyY2hpdmVy0SYnVHJvb3SAAQAIABEAGgAjAC0AMgA3AEAARgBNAFUAYABnAGoAbABuAHEAcwB1AHcAhACOATcBPAFEBF4EYARlBHAEeQSHBIsEkgSbBKAErQSwBMIExQTKAAAAAAAAAgEAAAAAAAAAKAAAAAAAAAAAAAAAAAAABMw=}}

@article{article-cloud-developing-countries,
	Author = {S.O. Ekwe},
	Date-Added = {2013-12-13 21:40:17 +0000},
	Date-Modified = {2014-01-22 04:11:12 +0000},
	Journal = {11th Research Seminar Series Workshop},
	Keywords = {cloud},
	Pages = {38-42},
	Title = {Cloud Computing: Educational Institutions in Developing Regions},
	Year = {2012},
	Bdsk-File-1 = {YnBsaXN0MDDUAQIDBAUGJCVYJHZlcnNpb25YJG9iamVjdHNZJGFyY2hpdmVyVCR0b3ASAAGGoKgHCBMUFRYaIVUkbnVsbNMJCgsMDxJXTlMua2V5c1pOUy5vYmplY3RzViRjbGFzc6INDoACgAOiEBGABIAFgAdccmVsYXRpdmVQYXRoWWFsaWFzRGF0YV8QrC4uL21hdGVyaWFsL3Jlc3VtaWRvL0Nsb3VkIENvbXB1dGluZy0gRWR1Y2F0aW9uYWwgSW5zdGl0dXRpb25zIGluIERldmVsb3BpbmcgUmVnaW9ucyBTLk8uIEVrd2UvQ2xvdWQgQ29tcHV0aW5nLSBFZHVjYXRpb25hbCBJbnN0aXR1dGlvbnMgaW4gRGV2ZWxvcGluZyBSZWdpb25zIFMuTy4gRWt3ZS5vZHTSFwsYGVdOUy5kYXRhTxEDIgAAAAADIgACAAAET1MgWAAAAAAAAAAAAAAAAAAAAAAAAAAAAAAA0FyqoEgrAAAABo+aH0Nsb3VkIENvbXB1dGluZy0gRWR1YyM2QzE0Ri5vZHQAAAAAAAAAAAAAAAAAAAAAAAAAAAAAAAAAAAAAAAAAAAAGwU/Ov8rdAAAAAAAAAAAAAQAEAAAJIAAAAAAAAAAAAAAAAAAAAB9DbG91ZCBDb21wdXRpbmctIEVkdWNhdGlvIzY4RjlBAAAQAAgAANBc1NAAAAARAAgAAM6/5v0AAAABACAABo+aAAaN8gAGh5gABodYAAaC8AAGgMMABis/AAJmwAACAI1PUyBYOlVzZXJzOgBkb3VnbGFzY2FtYXRhOgBHb29nbGUgRHJpdmU6AEZhY3VsZGFkZToAdGNjOgBtYXRlcmlhbDoAcmVzdW1pZG86AENsb3VkIENvbXB1dGluZy0gRWR1Y2F0aW8jNjhGOUE6AENsb3VkIENvbXB1dGluZy0gRWR1YyM2QzE0Ri5vZHQAAA4AnABNAEMAbABvAHUAZAAgAEMAbwBtAHAAdQB0AGkAbgBnAC0AIABFAGQAdQBjAGEAdABpAG8AbgBhAGwAIABJAG4AcwB0AGkAdAB1AHQAaQBvAG4AcwAgAGkAbgAgAEQAZQB2AGUAbABvAHAAaQBuAGcAIABSAGUAZwBpAG8AbgBzACAAUwAuAE8ALgAgAEUAawB3AGUALgBvAGQAdAAPAAoABABPAFMAIABYABIA2FVzZXJzL2RvdWdsYXNjYW1hdGEvR29vZ2xlIERyaXZlL0ZhY3VsZGFkZS90Y2MvbWF0ZXJpYWwvcmVzdW1pZG8vQ2xvdWQgQ29tcHV0aW5nLSBFZHVjYXRpb25hbCBJbnN0aXR1dGlvbnMgaW4gRGV2ZWxvcGluZyBSZWdpb25zIFMuTy4gRWt3ZS9DbG91ZCBDb21wdXRpbmctIEVkdWNhdGlvbmFsIEluc3RpdHV0aW9ucyBpbiBEZXZlbG9waW5nIFJlZ2lvbnMgUy5PLiBFa3dlLm9kdAATAAEvAAAVAAIAFP//AACABtIbHB0eWiRjbGFzc25hbWVYJGNsYXNzZXNdTlNNdXRhYmxlRGF0YaMdHyBWTlNEYXRhWE5TT2JqZWN00hscIiNcTlNEaWN0aW9uYXJ5oiIgXxAPTlNLZXllZEFyY2hpdmVy0SYnVHJvb3SAAQAIABEAGgAjAC0AMgA3AEAARgBNAFUAYABnAGoAbABuAHEAcwB1AHcAhACOAT0BQgFKBHAEcgR3BIIEiwSZBJ0EpAStBLIEvwTCBNQE1wTcAAAAAAAAAgEAAAAAAAAAKAAAAAAAAAAAAAAAAAAABN4=},
	Bdsk-File-2 = {YnBsaXN0MDDUAQIDBAUGJCVYJHZlcnNpb25YJG9iamVjdHNZJGFyY2hpdmVyVCR0b3ASAAGGoKgHCBMUFRYaIVUkbnVsbNMJCgsMDxJXTlMua2V5c1pOUy5vYmplY3RzViRjbGFzc6INDoACgAOiEBGABIAFgAdccmVsYXRpdmVQYXRoWWFsaWFzRGF0YV8QrC4uL21hdGVyaWFsL3Jlc3VtaWRvL0Nsb3VkIENvbXB1dGluZy0gRWR1Y2F0aW9uYWwgSW5zdGl0dXRpb25zIGluIERldmVsb3BpbmcgUmVnaW9ucyBTLk8uIEVrd2UvQ2xvdWQgQ29tcHV0aW5nLSBFZHVjYXRpb25hbCBJbnN0aXR1dGlvbnMgaW4gRGV2ZWxvcGluZyBSZWdpb25zIFMuTy4gRWt3ZS5wZGbSFwsYGVdOUy5kYXRhTxEDIgAAAAADIgACAAAET1MgWAAAAAAAAAAAAAAAAAAAAAAAAAAAAAAA0FyqoEgrAAAABo+aH0Nsb3VkIENvbXB1dGluZy0gRWR1YyM2QzE1QS5wZGYAAAAAAAAAAAAAAAAAAAAAAAAAAAAAAAAAAAAAAAAAAAAGwVrOvYN+AAAAAAAAAAAAAQAEAAAJIAAAAAAAAAAAAAAAAAAAAB9DbG91ZCBDb21wdXRpbmctIEVkdWNhdGlvIzY4RjlBAAAQAAgAANBc1NAAAAARAAgAAM69n54AAAABACAABo+aAAaN8gAGh5gABodYAAaC8AAGgMMABis/AAJmwAACAI1PUyBYOlVzZXJzOgBkb3VnbGFzY2FtYXRhOgBHb29nbGUgRHJpdmU6AEZhY3VsZGFkZToAdGNjOgBtYXRlcmlhbDoAcmVzdW1pZG86AENsb3VkIENvbXB1dGluZy0gRWR1Y2F0aW8jNjhGOUE6AENsb3VkIENvbXB1dGluZy0gRWR1YyM2QzE1QS5wZGYAAA4AnABNAEMAbABvAHUAZAAgAEMAbwBtAHAAdQB0AGkAbgBnAC0AIABFAGQAdQBjAGEAdABpAG8AbgBhAGwAIABJAG4AcwB0AGkAdAB1AHQAaQBvAG4AcwAgAGkAbgAgAEQAZQB2AGUAbABvAHAAaQBuAGcAIABSAGUAZwBpAG8AbgBzACAAUwAuAE8ALgAgAEUAawB3AGUALgBwAGQAZgAPAAoABABPAFMAIABYABIA2FVzZXJzL2RvdWdsYXNjYW1hdGEvR29vZ2xlIERyaXZlL0ZhY3VsZGFkZS90Y2MvbWF0ZXJpYWwvcmVzdW1pZG8vQ2xvdWQgQ29tcHV0aW5nLSBFZHVjYXRpb25hbCBJbnN0aXR1dGlvbnMgaW4gRGV2ZWxvcGluZyBSZWdpb25zIFMuTy4gRWt3ZS9DbG91ZCBDb21wdXRpbmctIEVkdWNhdGlvbmFsIEluc3RpdHV0aW9ucyBpbiBEZXZlbG9waW5nIFJlZ2lvbnMgUy5PLiBFa3dlLnBkZgATAAEvAAAVAAIAFP//AACABtIbHB0eWiRjbGFzc25hbWVYJGNsYXNzZXNdTlNNdXRhYmxlRGF0YaMdHyBWTlNEYXRhWE5TT2JqZWN00hscIiNcTlNEaWN0aW9uYXJ5oiIgXxAPTlNLZXllZEFyY2hpdmVy0SYnVHJvb3SAAQAIABEAGgAjAC0AMgA3AEAARgBNAFUAYABnAGoAbABuAHEAcwB1AHcAhACOAT0BQgFKBHAEcgR3BIIEiwSZBJ0EpAStBLIEvwTCBNQE1wTcAAAAAAAAAgEAAAAAAAAAKAAAAAAAAAAAAAAAAAAABN4=}}

@article{article-cloud-education-new-dawn,
	Author = {Nabil Sultan},
	Date-Added = {2013-12-13 21:26:58 +0000},
	Date-Modified = {2014-01-22 04:11:09 +0000},
	Journal = {International Journal of Information Management},
	Keywords = {cloud},
	Pages = {109-116},
	Title = {Cloud computing for education: A new dawn?},
	Volume = {30},
	Year = {2010},
	Bdsk-File-1 = {YnBsaXN0MDDUAQIDBAUGJCVYJHZlcnNpb25YJG9iamVjdHNZJGFyY2hpdmVyVCR0b3ASAAGGoKgHCBMUFRYaIVUkbnVsbNMJCgsMDxJXTlMua2V5c1pOUy5vYmplY3RzViRjbGFzc6INDoACgAOiEBGABIAFgAdccmVsYXRpdmVQYXRoWWFsaWFzRGF0YV8Qfi4uL21hdGVyaWFsL3Jlc3VtaWRvL0Nsb3VkIGNvbXB1dGluZyBmb3IgZWR1Y2F0aW9uLSBBIG5ldyBkYXduPy9DbG91ZCBjb21wdXRpbmcgZm9yIGVkdWNhdGlvbiAtIEEgbmV3IGRhd24/IC0gTmFiaWwgU3VsdGFuLnBkZtIXCxgZV05TLmRhdGFPEQLWAAAAAALWAAIAAARPUyBYAAAAAAAAAAAAAAAAAAAAAAAAAAAAAADQXKqgSCsAAAAGkNwfQ2xvdWQgY29tcHV0aW5nIGZvciBlIzZCRjE1LnBkZgAAAAAAAAAAAAAAAAAAAAAAAAAAAAAAAAAAAAAAAAAAAAa/Fc6mvpMAAAAAAAAAAAABAAQAAAkgAAAAAAAAAAAAAAAAAAAAH0Nsb3VkIGNvbXB1dGluZyBmb3IgZWR1Y2EjNjkwREMAABAACAAA0FzU0AAAABEACAAAzqbaswAAAAEAIAAGkNwABo3yAAaHmAAGh1gABoLwAAaAwwAGKz8AAmbAAAIAjU9TIFg6VXNlcnM6AGRvdWdsYXNjYW1hdGE6AEdvb2dsZSBEcml2ZToARmFjdWxkYWRlOgB0Y2M6AG1hdGVyaWFsOgByZXN1bWlkbzoAQ2xvdWQgY29tcHV0aW5nIGZvciBlZHVjYSM2OTBEQzoAQ2xvdWQgY29tcHV0aW5nIGZvciBlIzZCRjE1LnBkZgAADgB+AD4AQwBsAG8AdQBkACAAYwBvAG0AcAB1AHQAaQBuAGcAIABmAG8AcgAgAGUAZAB1AGMAYQB0AGkAbwBuACAALQAgAEEAIABuAGUAdwAgAGQAYQB3AG4APwAgAC0AIABOAGEAYgBpAGwAIABTAHUAbAB0AGEAbgAuAHAAZABmAA8ACgAEAE8AUwAgAFgAEgCqVXNlcnMvZG91Z2xhc2NhbWF0YS9Hb29nbGUgRHJpdmUvRmFjdWxkYWRlL3RjYy9tYXRlcmlhbC9yZXN1bWlkby9DbG91ZCBjb21wdXRpbmcgZm9yIGVkdWNhdGlvbi0gQSBuZXcgZGF3bj8vQ2xvdWQgY29tcHV0aW5nIGZvciBlZHVjYXRpb24gLSBBIG5ldyBkYXduPyAtIE5hYmlsIFN1bHRhbi5wZGYAEwABLwAAFQACABT//wAAgAbSGxwdHlokY2xhc3NuYW1lWCRjbGFzc2VzXU5TTXV0YWJsZURhdGGjHR8gVk5TRGF0YVhOU09iamVjdNIbHCIjXE5TRGljdGlvbmFyeaIiIF8QD05TS2V5ZWRBcmNoaXZlctEmJ1Ryb290gAEACAARABoAIwAtADIANwBAAEYATQBVAGAAZwBqAGwAbgBxAHMAdQB3AIQAjgEPARQBHAP2A/gD/QQIBBEEHwQjBCoEMwQ4BEUESARaBF0EYgAAAAAAAAIBAAAAAAAAACgAAAAAAAAAAAAAAAAAAARk},
	Bdsk-File-2 = {YnBsaXN0MDDUAQIDBAUGJCVYJHZlcnNpb25YJG9iamVjdHNZJGFyY2hpdmVyVCR0b3ASAAGGoKgHCBMUFRYaIVUkbnVsbNMJCgsMDxJXTlMua2V5c1pOUy5vYmplY3RzViRjbGFzc6INDoACgAOiEBGABIAFgAdccmVsYXRpdmVQYXRoWWFsaWFzRGF0YV8Qbi4uL21hdGVyaWFsL3Jlc3VtaWRvL0Nsb3VkIGNvbXB1dGluZyBmb3IgZWR1Y2F0aW9uLSBBIG5ldyBkYXduPy9DbG91ZCBjb21wdXRpbmcgZm9yIGVkdWNhdGlvbi0gQSBuZXcgZGF3bj8ub2R00hcLGBlXTlMuZGF0YU8RAqYAAAAAAqYAAgAABE9TIFgAAAAAAAAAAAAAAAAAAAAAAAAAAAAAANBcqqBIKwAAAAaQ3B9DbG91ZCBjb21wdXRpbmcgZm9yIGUjNkMyNDIub2R0AAAAAAAAAAAAAAAAAAAAAAAAAAAAAAAAAAAAAAAAAAAABsJCzrhXOAAAAAAAAAAAAAEABAAACSAAAAAAAAAAAAAAAAAAAAAfQ2xvdWQgY29tcHV0aW5nIGZvciBlZHVjYSM2OTBEQwAAEAAIAADQXNTQAAAAEQAIAADOuHNYAAAAAQAgAAaQ3AAGjfIABoeYAAaHWAAGgvAABoDDAAYrPwACZsAAAgCNT1MgWDpVc2VyczoAZG91Z2xhc2NhbWF0YToAR29vZ2xlIERyaXZlOgBGYWN1bGRhZGU6AHRjYzoAbWF0ZXJpYWw6AHJlc3VtaWRvOgBDbG91ZCBjb21wdXRpbmcgZm9yIGVkdWNhIzY5MERDOgBDbG91ZCBjb21wdXRpbmcgZm9yIGUjNkMyNDIub2R0AAAOAF4ALgBDAGwAbwB1AGQAIABjAG8AbQBwAHUAdABpAG4AZwAgAGYAbwByACAAZQBkAHUAYwBhAHQAaQBvAG4ALQAgAEEAIABuAGUAdwAgAGQAYQB3AG4APwAuAG8AZAB0AA8ACgAEAE8AUwAgAFgAEgCaVXNlcnMvZG91Z2xhc2NhbWF0YS9Hb29nbGUgRHJpdmUvRmFjdWxkYWRlL3RjYy9tYXRlcmlhbC9yZXN1bWlkby9DbG91ZCBjb21wdXRpbmcgZm9yIGVkdWNhdGlvbi0gQSBuZXcgZGF3bj8vQ2xvdWQgY29tcHV0aW5nIGZvciBlZHVjYXRpb24tIEEgbmV3IGRhd24/Lm9kdAATAAEvAAAVAAIAFP//AACABtIbHB0eWiRjbGFzc25hbWVYJGNsYXNzZXNdTlNNdXRhYmxlRGF0YaMdHyBWTlNEYXRhWE5TT2JqZWN00hscIiNcTlNEaWN0aW9uYXJ5oiIgXxAPTlNLZXllZEFyY2hpdmVy0SYnVHJvb3SAAQAIABEAGgAjAC0AMgA3AEAARgBNAFUAYABnAGoAbABuAHEAcwB1AHcAhACOAP8BBAEMA7YDuAO9A8gD0QPfA+MD6gPzA/gEBQQIBBoEHQQiAAAAAAAAAgEAAAAAAAAAKAAAAAAAAAAAAAAAAAAABCQ=}}

@article{article-learning-as-a-service,
	Author = {Mohssen M. Alabbadi},
	Date-Added = {2013-12-13 17:15:13 +0000},
	Date-Modified = {2014-01-22 04:11:07 +0000},
	Journal = {Interactive Collaborative Learning (ICL), 2011 14th International Conference on},
	Keywords = {cloud},
	Pages = {589-594},
	Title = {Cloud Computing for Education and Learning: Education and Learning as a Service (ELaaS)},
	Year = {2011},
	Bdsk-File-1 = {YnBsaXN0MDDUAQIDBAUGJCVYJHZlcnNpb25YJG9iamVjdHNZJGFyY2hpdmVyVCR0b3ASAAGGoKgHCBMUFRYaIVUkbnVsbNMJCgsMDxJXTlMua2V5c1pOUy5vYmplY3RzViRjbGFzc6INDoACgAOiEBGABIAFgAdccmVsYXRpdmVQYXRoWWFsaWFzRGF0YV8QiC4uL21hdGVyaWFsL3Jlc3VtaWRvL0Nsb3VkIENvbXB1dGluZyBmb3IgRWR1Y2F0aW9uIGFuZCBMZWFybmluZyBhcyBhIFNlcnZpY2UvQ2xvdWQgQ29tcHV0aW5nIGZvciBFZHVjYXRpb24gYW5kIExlYXJuaW5nIGFzIGEgU2VydmljZS5vZHTSFwsYGVdOUy5kYXRhTxEC2gAAAAAC2gACAAAET1MgWAAAAAAAAAAAAAAAAAAAAAAAAAAAAAAA0FyqoEgrAAAABpBvH0Nsb3VkIENvbXB1dGluZyBmb3IgRSM2QzJCNS5vZHQAAAAAAAAAAAAAAAAAAAAAAAAAAAAAAAAAAAAAAAAAAAAGwrXO0WCFAAAAAAAAAAAAAQAEAAAJIAAAAAAAAAAAAAAAAAAAAB9DbG91ZCBDb21wdXRpbmcgZm9yIEVkdWNhIzY5MDZGAAAQAAgAANBc1NAAAAARAAgAAM7RfKUAAAABACAABpBvAAaN8gAGh5gABodYAAaC8AAGgMMABis/AAJmwAACAI1PUyBYOlVzZXJzOgBkb3VnbGFzY2FtYXRhOgBHb29nbGUgRHJpdmU6AEZhY3VsZGFkZToAdGNjOgBtYXRlcmlhbDoAcmVzdW1pZG86AENsb3VkIENvbXB1dGluZyBmb3IgRWR1Y2EjNjkwNkY6AENsb3VkIENvbXB1dGluZyBmb3IgRSM2QzJCNS5vZHQAAA4AeAA7AEMAbABvAHUAZAAgAEMAbwBtAHAAdQB0AGkAbgBnACAAZgBvAHIAIABFAGQAdQBjAGEAdABpAG8AbgAgAGEAbgBkACAATABlAGEAcgBuAGkAbgBnACAAYQBzACAAYQAgAFMAZQByAHYAaQBjAGUALgBvAGQAdAAPAAoABABPAFMAIABYABIAtFVzZXJzL2RvdWdsYXNjYW1hdGEvR29vZ2xlIERyaXZlL0ZhY3VsZGFkZS90Y2MvbWF0ZXJpYWwvcmVzdW1pZG8vQ2xvdWQgQ29tcHV0aW5nIGZvciBFZHVjYXRpb24gYW5kIExlYXJuaW5nIGFzIGEgU2VydmljZS9DbG91ZCBDb21wdXRpbmcgZm9yIEVkdWNhdGlvbiBhbmQgTGVhcm5pbmcgYXMgYSBTZXJ2aWNlLm9kdAATAAEvAAAVAAIAFP//AACABtIbHB0eWiRjbGFzc25hbWVYJGNsYXNzZXNdTlNNdXRhYmxlRGF0YaMdHyBWTlNEYXRhWE5TT2JqZWN00hscIiNcTlNEaWN0aW9uYXJ5oiIgXxAPTlNLZXllZEFyY2hpdmVy0SYnVHJvb3SAAQAIABEAGgAjAC0AMgA3AEAARgBNAFUAYABnAGoAbABuAHEAcwB1AHcAhACOARkBHgEmBAQEBgQLBBYEHwQtBDEEOARBBEYEUwRWBGgEawRwAAAAAAAAAgEAAAAAAAAAKAAAAAAAAAAAAAAAAAAABHI=},
	Bdsk-File-2 = {YnBsaXN0MDDUAQIDBAUGJCVYJHZlcnNpb25YJG9iamVjdHNZJGFyY2hpdmVyVCR0b3ASAAGGoKgHCBMUFRYaIVUkbnVsbNMJCgsMDxJXTlMua2V5c1pOUy5vYmplY3RzViRjbGFzc6INDoACgAOiEBGABIAFgAdccmVsYXRpdmVQYXRoWWFsaWFzRGF0YV8QiC4uL21hdGVyaWFsL3Jlc3VtaWRvL0Nsb3VkIENvbXB1dGluZyBmb3IgRWR1Y2F0aW9uIGFuZCBMZWFybmluZyBhcyBhIFNlcnZpY2UvQ2xvdWQgQ29tcHV0aW5nIGZvciBFZHVjYXRpb24gYW5kIExlYXJuaW5nIGFzIGEgU2VydmljZS5wZGbSFwsYGVdOUy5kYXRhTxEC2gAAAAAC2gACAAAET1MgWAAAAAAAAAAAAAAAAAAAAAAAAAAAAAAA0FyqoEgrAAAABpBvH0Nsb3VkIENvbXB1dGluZyBmb3IgRSM2OTM4RS5wZGYAAAAAAAAAAAAAAAAAAAAAAAAAAAAAAAAAAAAAAAAAAAAGk47Oro9TAAAAAAAAAAAAAQAEAAAJIAAAAAAAAAAAAAAAAAAAAB9DbG91ZCBDb21wdXRpbmcgZm9yIEVkdWNhIzY5MDZGAAAQAAgAANBc1NAAAAARAAgAAM6uq3MAAAABACAABpBvAAaN8gAGh5gABodYAAaC8AAGgMMABis/AAJmwAACAI1PUyBYOlVzZXJzOgBkb3VnbGFzY2FtYXRhOgBHb29nbGUgRHJpdmU6AEZhY3VsZGFkZToAdGNjOgBtYXRlcmlhbDoAcmVzdW1pZG86AENsb3VkIENvbXB1dGluZyBmb3IgRWR1Y2EjNjkwNkY6AENsb3VkIENvbXB1dGluZyBmb3IgRSM2OTM4RS5wZGYAAA4AeAA7AEMAbABvAHUAZAAgAEMAbwBtAHAAdQB0AGkAbgBnACAAZgBvAHIAIABFAGQAdQBjAGEAdABpAG8AbgAgAGEAbgBkACAATABlAGEAcgBuAGkAbgBnACAAYQBzACAAYQAgAFMAZQByAHYAaQBjAGUALgBwAGQAZgAPAAoABABPAFMAIABYABIAtFVzZXJzL2RvdWdsYXNjYW1hdGEvR29vZ2xlIERyaXZlL0ZhY3VsZGFkZS90Y2MvbWF0ZXJpYWwvcmVzdW1pZG8vQ2xvdWQgQ29tcHV0aW5nIGZvciBFZHVjYXRpb24gYW5kIExlYXJuaW5nIGFzIGEgU2VydmljZS9DbG91ZCBDb21wdXRpbmcgZm9yIEVkdWNhdGlvbiBhbmQgTGVhcm5pbmcgYXMgYSBTZXJ2aWNlLnBkZgATAAEvAAAVAAIAFP//AACABtIbHB0eWiRjbGFzc25hbWVYJGNsYXNzZXNdTlNNdXRhYmxlRGF0YaMdHyBWTlNEYXRhWE5TT2JqZWN00hscIiNcTlNEaWN0aW9uYXJ5oiIgXxAPTlNLZXllZEFyY2hpdmVy0SYnVHJvb3SAAQAIABEAGgAjAC0AMgA3AEAARgBNAFUAYABnAGoAbABuAHEAcwB1AHcAhACOARkBHgEmBAQEBgQLBBYEHwQtBDEEOARBBEYEUwRWBGgEawRwAAAAAAAAAgEAAAAAAAAAKAAAAAAAAAAAAAAAAAAABHI=}}

@inbook{book-cloud-developing-countries,
	Author = {Hong-Linh Truong and Tran-Vu Pham and Nam Thoai and Schahram Dustdar},
	Chapter = {5},
	Date-Modified = {2014-01-22 04:11:03 +0000},
	Keywords = {cloud},
	Pages = {64-80},
	Publisher = {IGI Global},
	Title = {Cloud Computing for Education and Research in Developing Countries},
	Year = 2012,
	Bdsk-File-1 = {YnBsaXN0MDDUAQIDBAUGJCVYJHZlcnNpb25YJG9iamVjdHNZJGFyY2hpdmVyVCR0b3ASAAGGoKgHCBMUFRYaIVUkbnVsbNMJCgsMDxJXTlMua2V5c1pOUy5vYmplY3RzViRjbGFzc6INDoACgAOiEBGABIAFgAdccmVsYXRpdmVQYXRoWWFsaWFzRGF0YV8Qoi4uL21hdGVyaWFsL3Jlc3VtaWRvL0Nsb3VkIENvbXB1dGluZyBmb3IgIEVkdWNhdGlvbiBhbmQgUmVzZWFyY2ggaW4gIERldmVsb3BpbmcgQ291bnRyaWVzL0Nsb3VkIENvbXB1dGluZyBmb3IgIEVkdWNhdGlvbiBhbmQgUmVzZWFyY2ggaW4gIERldmVsb3BpbmcgQ291bnRyaWVzLm9kdNIXCxgZV05TLmRhdGFPEQMOAAAAAAMOAAIAAARPUyBYAAAAAAAAAAAAAAAAAAAAAAAAAAAAAADQXKqgSCsAAAAGj4AfQ2xvdWQgQ29tcHV0aW5nIGZvciAgIzZCRkFFLm9kdAAAAAAAAAAAAAAAAAAAAAAAAAAAAAAAAAAAAAAAAAAAAAa/rs7Q1OcAAAAAAAAAAAABAAQAAAkgAAAAAAAAAAAAAAAAAAAAH0Nsb3VkIENvbXB1dGluZyBmb3IgIEVkdWMjNjhGODAAABAACAAA0FzU0AAAABEACAAAztDxBwAAAAEAIAAGj4AABo3yAAaHmAAGh1gABoLwAAaAwwAGKz8AAmbAAAIAjU9TIFg6VXNlcnM6AGRvdWdsYXNjYW1hdGE6AEdvb2dsZSBEcml2ZToARmFjdWxkYWRlOgB0Y2M6AG1hdGVyaWFsOgByZXN1bWlkbzoAQ2xvdWQgQ29tcHV0aW5nIGZvciAgRWR1YyM2OEY4MDoAQ2xvdWQgQ29tcHV0aW5nIGZvciAgIzZCRkFFLm9kdAAADgCSAEgAQwBsAG8AdQBkACAAQwBvAG0AcAB1AHQAaQBuAGcAIABmAG8AcgAgACAARQBkAHUAYwBhAHQAaQBvAG4AIABhAG4AZAAgAFIAZQBzAGUAYQByAGMAaAAgAGkAbgAgACAARABlAHYAZQBsAG8AcABpAG4AZwAgAEMAbwB1AG4AdAByAGkAZQBzAC4AbwBkAHQADwAKAAQATwBTACAAWAASAM5Vc2Vycy9kb3VnbGFzY2FtYXRhL0dvb2dsZSBEcml2ZS9GYWN1bGRhZGUvdGNjL21hdGVyaWFsL3Jlc3VtaWRvL0Nsb3VkIENvbXB1dGluZyBmb3IgIEVkdWNhdGlvbiBhbmQgUmVzZWFyY2ggaW4gIERldmVsb3BpbmcgQ291bnRyaWVzL0Nsb3VkIENvbXB1dGluZyBmb3IgIEVkdWNhdGlvbiBhbmQgUmVzZWFyY2ggaW4gIERldmVsb3BpbmcgQ291bnRyaWVzLm9kdAATAAEvAAAVAAIAFP//AACABtIbHB0eWiRjbGFzc25hbWVYJGNsYXNzZXNdTlNNdXRhYmxlRGF0YaMdHyBWTlNEYXRhWE5TT2JqZWN00hscIiNcTlNEaWN0aW9uYXJ5oiIgXxAPTlNLZXllZEFyY2hpdmVy0SYnVHJvb3SAAQAIABEAGgAjAC0AMgA3AEAARgBNAFUAYABnAGoAbABuAHEAcwB1AHcAhACOATMBOAFABFIEVARZBGQEbQR7BH8EhgSPBJQEoQSkBLYEuQS+AAAAAAAAAgEAAAAAAAAAKAAAAAAAAAAAAAAAAAAABMA=},
	Bdsk-File-2 = {YnBsaXN0MDDUAQIDBAUGJCVYJHZlcnNpb25YJG9iamVjdHNZJGFyY2hpdmVyVCR0b3ASAAGGoKgHCBMUFRYaIVUkbnVsbNMJCgsMDxJXTlMua2V5c1pOUy5vYmplY3RzViRjbGFzc6INDoACgAOiEBGABIAFgAdccmVsYXRpdmVQYXRoWWFsaWFzRGF0YV8Qoi4uL21hdGVyaWFsL3Jlc3VtaWRvL0Nsb3VkIENvbXB1dGluZyBmb3IgIEVkdWNhdGlvbiBhbmQgUmVzZWFyY2ggaW4gIERldmVsb3BpbmcgQ291bnRyaWVzL0Nsb3VkIENvbXB1dGluZyBmb3IgIEVkdWNhdGlvbiBhbmQgUmVzZWFyY2ggaW4gIERldmVsb3BpbmcgQ291bnRyaWVzLnBkZtIXCxgZV05TLmRhdGFPEQMOAAAAAAMOAAIAAARPUyBYAAAAAAAAAAAAAAAAAAAAAAAAAAAAAADQXKqgSCsAAAAGj4AfQ2xvdWQgQ29tcHV0aW5nIGZvciAgIzZCRkIwLnBkZgAAAAAAAAAAAAAAAAAAAAAAAAAAAAAAAAAAAAAAAAAAAAa/sM8E2GkAAAAAAAAAAAABAAQAAAkgAAAAAAAAAAAAAAAAAAAAH0Nsb3VkIENvbXB1dGluZyBmb3IgIEVkdWMjNjhGODAAABAACAAA0FzU0AAAABEACAAAzwT0iQAAAAEAIAAGj4AABo3yAAaHmAAGh1gABoLwAAaAwwAGKz8AAmbAAAIAjU9TIFg6VXNlcnM6AGRvdWdsYXNjYW1hdGE6AEdvb2dsZSBEcml2ZToARmFjdWxkYWRlOgB0Y2M6AG1hdGVyaWFsOgByZXN1bWlkbzoAQ2xvdWQgQ29tcHV0aW5nIGZvciAgRWR1YyM2OEY4MDoAQ2xvdWQgQ29tcHV0aW5nIGZvciAgIzZCRkIwLnBkZgAADgCSAEgAQwBsAG8AdQBkACAAQwBvAG0AcAB1AHQAaQBuAGcAIABmAG8AcgAgACAARQBkAHUAYwBhAHQAaQBvAG4AIABhAG4AZAAgAFIAZQBzAGUAYQByAGMAaAAgAGkAbgAgACAARABlAHYAZQBsAG8AcABpAG4AZwAgAEMAbwB1AG4AdAByAGkAZQBzAC4AcABkAGYADwAKAAQATwBTACAAWAASAM5Vc2Vycy9kb3VnbGFzY2FtYXRhL0dvb2dsZSBEcml2ZS9GYWN1bGRhZGUvdGNjL21hdGVyaWFsL3Jlc3VtaWRvL0Nsb3VkIENvbXB1dGluZyBmb3IgIEVkdWNhdGlvbiBhbmQgUmVzZWFyY2ggaW4gIERldmVsb3BpbmcgQ291bnRyaWVzL0Nsb3VkIENvbXB1dGluZyBmb3IgIEVkdWNhdGlvbiBhbmQgUmVzZWFyY2ggaW4gIERldmVsb3BpbmcgQ291bnRyaWVzLnBkZgATAAEvAAAVAAIAFP//AACABtIbHB0eWiRjbGFzc25hbWVYJGNsYXNzZXNdTlNNdXRhYmxlRGF0YaMdHyBWTlNEYXRhWE5TT2JqZWN00hscIiNcTlNEaWN0aW9uYXJ5oiIgXxAPTlNLZXllZEFyY2hpdmVy0SYnVHJvb3SAAQAIABEAGgAjAC0AMgA3AEAARgBNAFUAYABnAGoAbABuAHEAcwB1AHcAhACOATMBOAFABFIEVARZBGQEbQR7BH8EhgSPBJQEoQSkBLYEuQS+AAAAAAAAAgEAAAAAAAAAKAAAAAAAAAAAAAAAAAAABMA=}}
